@electronic{quickperm, 
    title="Scalable Permutations!", 
    author = "Phillip Paul Fuchs", 
    year = "2016", 
    url = "http://www.quickperm.org [Accessed: Apr. 29, 2016]",
}

